<collection xmlns="http://www.loc.gov/MARC21/slim">
<record>
  <leader>01663nam0a2200301 i 450 </leader>
  <controlfield tag="001">IT\ICCU\CNCE\031432</controlfield>
  <controlfield tag="005">20060731000000.0</controlfield>
  <datafield tag="012" ind1=" " ind2=" ">
    <subfield code="a">i.te e-z- 0.ta tene (3) 1596 (A)</subfield>
    <subfield code="2">fei</subfield>
  </datafield>
  <datafield tag="100" ind1=" " ind2=" ">
    <subfield code="a">19971203d1596        0itac0103    ba</subfield>
  </datafield>
  <datafield tag="101" ind1=" " ind2=" ">
    <subfield code="a">ITA</subfield>
  </datafield>
  <datafield tag="102" ind1=" " ind2=" ">
    <subfield code="a">IT</subfield>
  </datafield>
  <datafield tag="200" ind1="1" ind2=" ">
    <subfield code="a">℗Le ℗cose merauigliose dell&apos;alma citta di Roma, doue si tratta delle chiese, stationi, &amp; reliquie de&apos; corpi santi, che vi sono. Con la guida romana ... et i nomi de&apos; sommi pontefici, imperatori, &amp; altri principi christiani, adornati di bellissime figure. Con le poste d&apos;Italia. Di nuouo corretto &amp; ampliato con le cose notabili fatte da papa Sisto V. Per Flaminio Primo da Colle</subfield>
  </datafield>
  <datafield tag="210" ind1=" " ind2=" ">
    <subfield code="a">In Roma</subfield>
    <subfield code="c">per Nicolo Mutij</subfield>
    <subfield code="c">ad instanza di Camillo Franceschini</subfield>
    <subfield code="d">1596</subfield>
    <subfield code="e">In Roma</subfield>
    <subfield code="g">appresso Nicol ̣Mutij</subfield>
    <subfield code="h">1596</subfield>
  </datafield>
  <datafield tag="215" ind1=" " ind2=" ">
    <subfield code="a">88 p.</subfield>
    <subfield code="c">ill.</subfield>
    <subfield code="d">8ʻ</subfield>
  </datafield>
  <datafield tag="500" ind1="1" ind2="1">
    <subfield code="3">IT\ICCU\CNCE\031012</subfield>
    <subfield code="a">Mirabilia Romae</subfield>
  </datafield>
  <datafield tag="620" ind1=" " ind2=" ">
    <subfield code="a">IT</subfield>
    <subfield code="d">Roma</subfield>
  </datafield>
  <datafield tag="702" ind1=" " ind2="1">
    <subfield code="a">Colle,</subfield>
    <subfield code="b">Flaminio Primo</subfield>
    <subfield code="3">IT\ICCU\CNCA\015662</subfield>
  </datafield>
  <datafield tag="712" ind1="0" ind2="0">
    <subfield code="a"></subfield>
    <subfield code="3">IT\ICCU\CNCT\000096</subfield>
    <subfield code="4">650</subfield>
  </datafield>
  <datafield tag="712" ind1="0" ind2="0">
    <subfield code="a">Franceschini, Camillo</subfield>
    <subfield code="3">IT\ICCU\CNCT\000546</subfield>
    <subfield code="4">650</subfield>
  </datafield>
  <datafield tag="790" ind1=" " ind2="1">
    <subfield code="a">Colle,</subfield>
    <subfield code="b">Flaminius Primus</subfield>
    <subfield code="3">IT\ICCU\CNCA\026831</subfield>
    <subfield code="z">Colle, Flaminio Primo</subfield>
  </datafield>
  <datafield tag="791" ind1="0" ind2="0">
    <subfield code="a">Mutius, Nicolaus</subfield>
    <subfield code="3">IT\ICCU\CNCT\002392</subfield>
    <subfield code="z"></subfield>
  </datafield>
  <datafield tag="791" ind1="0" ind2="0">
    <subfield code="a">Mucio, Nicolas</subfield>
    <subfield code="3">IT\ICCU\CNCT\002393</subfield>
    <subfield code="z"></subfield>
  </datafield>
  <datafield tag="791" ind1="0" ind2="0">
    <subfield code="a"></subfield>
    <subfield code="3">IT\ICCU\CNCT\005245</subfield>
    <subfield code="z"></subfield>
  </datafield>
  <datafield tag="791" ind1="0" ind2="0">
    <subfield code="a"></subfield>
    <subfield code="3">IT\ICCU\CNCT\005248</subfield>
    <subfield code="z"></subfield>
  </datafield>
  <datafield tag="791" ind1="0" ind2="0">
    <subfield code="a">Mutio, Nicolo</subfield>
    <subfield code="3">IT\ICCU\CNCT\005249</subfield>
    <subfield code="z"></subfield>
  </datafield>
  <datafield tag="791" ind1="0" ind2="0">
    <subfield code="a">Francischinus, Camillus</subfield>
    <subfield code="3">IT\ICCU\CNCT\003811</subfield>
    <subfield code="z">Franceschini, Camillo</subfield>
  </datafield>
  <datafield tag="801" ind1=" " ind2="3">
    <subfield code="a">IT</subfield>
    <subfield code="b">ICCU</subfield>
    <subfield code="c">20201114</subfield>
  </datafield>
  <datafield tag="899" ind1=" " ind2=" ">
    <subfield code="a">Biblioteca Apostolica Vaticana. Citt ̉del Vaticano</subfield>
    <subfield code="1">EX0001</subfield>
    <subfield code="2">ZCV 01</subfield>
  </datafield>
</record>
</collection>
